@misc{MetodoCientifico,
title={Método científico},
url={https://concepto.de/metodo-cientifico/},
publisher={Concepto.de},
author={Equipo editorial Etecé.},
year={2020},
urldate={2022-05-24}
}

@article{buzan2004,
  title={C{\'o}mo crear mapas mentales},
  author={Buzan, Tony},
  journal={World},
  volume={5488},
  number={0804},
  pages={5488--2900},
  year={2004}
}